<collection>
<record>
<leader>04492cpcaa22007097a 4500</leader>
<controlfield tag="001">15306385</controlfield>
<controlfield tag="005">20240306165124.0</controlfield>
<controlfield tag="008">080527i19972005dcu eng </controlfield>
<datafield ind1=" " ind2=" " tag="906">
<subfield code="a">7</subfield>
<subfield code="b">cbc</subfield>
<subfield code="c">orignew</subfield>
<subfield code="d">u</subfield>
<subfield code="e">ncip</subfield>
<subfield code="f">20</subfield>
<subfield code="g">y-folklife</subfield>
</datafield>
<datafield ind1=" " ind2=" " tag="955">
<subfield code="a">mkru 2008-05-27; cker 2010-09-28</subfield>
<subfield code="a">mkru 2013-04-17</subfield>
<subfield code="a">fcundiff 2023-11-28</subfield>
<subfield code="a">masmit 2023-12-04</subfield>
<subfield code="a">fcundiff 2024-03-06</subfield>
</datafield>
<datafield ind1=" " ind2=" " tag="010">
<subfield code="a"> 2008700350</subfield>
</datafield>
<datafield ind1=" " ind2=" " tag="040">
<subfield code="a">DLC</subfield>
<subfield code="c">DLC</subfield>
<subfield code="e">dacs</subfield>
<subfield code="d">DLC</subfield>
</datafield>
<datafield ind1="0" ind2=" " tag="041">
<subfield code="a">eng</subfield>
<subfield code="a">chi</subfield>
<subfield code="a">tai</subfield>
<subfield code="d">chi</subfield>
<subfield code="d">tai</subfield>
</datafield>
<datafield ind1="0" ind2="7" tag="041">
<subfield code="a">eng</subfield>
<subfield code="a">zho</subfield>
<subfield code="a">khb</subfield>
<subfield code="d">zho</subfield>
<subfield code="d">khb</subfield>
<subfield code="2">iso639-3</subfield>
</datafield>
<datafield ind1=" " ind2=" " tag="043">
<subfield code="a">a-cc---</subfield>
<subfield code="a">a-br---</subfield>
</datafield>
<datafield ind1=" " ind2=" " tag="090">
<subfield code="a">AFC 2006/004</subfield>
</datafield>
<datafield ind1="0" ind2="0" tag="245">
<subfield code="a">Sara L. M. Davis collection on Tai Lüe culture,</subfield>
<subfield code="f">1997-2005 /</subfield>
<subfield code="c">collected by Sara L. M. Davis.</subfield>
</datafield>
<datafield ind1=" " ind2=" " tag="300">
<subfield code="3">whole collection</subfield>
<subfield code="a">approximately 1690</subfield>
<subfield code="f">items</subfield>
</datafield>
<datafield ind1=" " ind2=" " tag="300">
<subfield code="3">manuscripts</subfield>
<subfield code="a">approximately 400 pages (16 folders)</subfield>
</datafield>
<datafield ind1=" " ind2=" " tag="300">
<subfield code="3">graphic materials</subfield>
<subfield code="a">982 photographic prints :</subfield>
<subfield code="b">color, b and w ;</subfield>
<subfield code="c">3 x 5 in.</subfield>
</datafield>
<datafield ind1=" " ind2=" " tag="300">
<subfield code="3">graphic materials</subfield>
<subfield code="a">184 slides :</subfield>
<subfield code="b">color</subfield>
</datafield>
<datafield ind1=" " ind2=" " tag="300">
<subfield code="3">sound recordings</subfield>
<subfield code="a">70 sound cassettes :</subfield>
<subfield code="b">analog ;</subfield>
<subfield code="c">various sizes</subfield>
</datafield>
<datafield ind1=" " ind2=" " tag="300">
<subfield code="3">sound recordings</subfield>
<subfield code="a">4 sound discs :</subfield>
<subfield code="b">digital ;</subfield>
<subfield code="c">4 3/4 in.</subfield>
</datafield>
<datafield ind1=" " ind2=" " tag="300">
<subfield code="3">moving images</subfield>
<subfield code="a">9 videocassettes (Hi-8) :</subfield>
<subfield code="b">digital, sound, color</subfield>
</datafield>
<datafield ind1=" " ind2=" " tag="300">
<subfield code="3">moving images</subfield>
<subfield code="a">2 videocassettes (MiniDV) :</subfield>
<subfield code="b">digital, sound, color</subfield>
</datafield>
<datafield ind1=" " ind2=" " tag="300">
<subfield code="3">moving images</subfield>
<subfield code="a">1 videocassette (VHS) :</subfield>
<subfield code="b">sound, color</subfield>
</datafield>
<datafield ind1=" " ind2=" " tag="300">
<subfield code="3">moving images</subfield>
<subfield code="a">7 video discs (VCD) :</subfield>
<subfield code="b">sound, color</subfield>
</datafield>
<datafield ind1=" " ind2=" " tag="300">
<subfield code="3">objects</subfield>
<subfield code="a">1 flute :</subfield>
<subfield code="b">bamboo, metal</subfield>
</datafield>
<datafield ind1=" " ind2=" " tag="300">
<subfield code="3">objects</subfield>
<subfield code="a">1 textile</subfield>
</datafield>
<datafield ind1=" " ind2=" " tag="300">
<subfield code="3">objects</subfield>
<subfield code="a">29 wax candles</subfield>
</datafield>
<datafield ind1=" " ind2=" " tag="351">
<subfield code="a">
Organized by format into the following series: I. Manuscripts, II. Graphic Images, III. Sound Recordings, IV. Moving Images, V. Artifacts.
</subfield>
</datafield>
<datafield ind1=" " ind2=" " tag="520">
<subfield code="a">
Collection of ethnographic field recordings, photographs, and manuscripts documenting Tai Lüe religious rituals; oral narrative traditions; popular songs; poetry; performances for tourists; interviews with poets and singers; and some local audio and video recordings collected in Sipsongpanna (Xishuangbanna), Yunnan Province, China, by anthropologist Sara L. M. Davis from 1997 to 2005 for her dissertation, published as Song and Silence: Ethnic Revival on China's Southwest Borders, Columbia University Press, 2005. The collection includes some materials documenting Tai people and traditions in Burma.
</subfield>
</datafield>
<datafield ind1=" " ind2=" " tag="524">
<subfield code="a">
Sara L. M. Davis Collection on Tai Lüe culture (AFC 2006/004), American Folklife Center, Library of Congress, Washington, D.C.
</subfield>
</datafield>
<datafield ind1="0" ind2=" " tag="506">
<subfield code="a">The collection is open for research.</subfield>
</datafield>
<datafield ind1=" " ind2=" " tag="540">
<subfield code="a">
Duplication of the collection materials may be governed by copyright and other restrictions.
</subfield>
</datafield>
<datafield ind1=" " ind2=" " tag="541">
<subfield code="a">Sara L. M. Davis;</subfield>
<subfield code="c">Donation</subfield>
<subfield code="d">2006.</subfield>
</datafield>
<datafield ind1=" " ind2=" " tag="546">
<subfield code="3">Sound and video recordings in</subfield>
<subfield code="a">Lü language and Chinese.</subfield>
</datafield>
<datafield ind1=" " ind2=" " tag="546">
<subfield code="3">Manuscripts in</subfield>
<subfield code="a">English, Lü language and Chinese.</subfield>
</datafield>
<datafield ind1="0" ind2=" " tag="555">
<subfield code="a">
Finding aid is available in the Folklife Reading Room, Library of Congress, and online via the American Folklife Center World Wide Web Home Page.
</subfield>
</datafield>
<datafield ind1=" " ind2="0" tag="650">
<subfield code="a">Oral tradition</subfield>
<subfield code="z">China</subfield>
<subfield code="z">Xishuangbanna Daizu Zizhizhou.</subfield>
</datafield>
<datafield ind1=" " ind2="0" tag="650">
<subfield code="a">Popular music</subfield>
<subfield code="z">China</subfield>
<subfield code="z">Xishuangbanna Daizu Zizhizhou.</subfield>
</datafield>
<datafield ind1=" " ind2="0" tag="650">
<subfield code="a">Lü language</subfield>
<subfield code="z">China</subfield>
<subfield code="z">Xishuangbanna Daizu Zizhizhou.</subfield>
</datafield>
<datafield ind1=" " ind2="0" tag="650">
<subfield code="a">Tai (Southeast Asian people)</subfield>
<subfield code="z">China</subfield>
<subfield code="z">Xishuangbanna Daizu Zizhizhou</subfield>
<subfield code="x">Social life and customs.</subfield>
</datafield>
<datafield ind1=" " ind2="0" tag="650">
<subfield code="a">Tai (Southeast Asian people)</subfield>
<subfield code="z">China</subfield>
<subfield code="z">Xishuangbanna Daizu Zizhizhou</subfield>
<subfield code="v">Poetry.</subfield>
</datafield>
<datafield ind1=" " ind2="0" tag="650">
<subfield code="a">Tai (Southeast Asian people)</subfield>
<subfield code="z">Burma</subfield>
<subfield code="x">Social life and customs.</subfield>
</datafield>
<datafield ind1=" " ind2="0" tag="650">
<subfield code="a">Buddhist architecture</subfield>
<subfield code="z">China</subfield>
<subfield code="z">Xishuangbanna Daizu Zizhizhou</subfield>
<subfield code="v">Photographs.</subfield>
</datafield>
<datafield ind1=" " ind2="0" tag="650">
<subfield code="a">Buddhist temples</subfield>
<subfield code="z">China</subfield>
<subfield code="z">Xishuangbanna Daizu Zizhizhou</subfield>
<subfield code="v">Photographs.</subfield>
</datafield>
<datafield ind1=" " ind2="0" tag="651">
<subfield code="a">Xishuangbanna Daizu Zizhizhou (China)</subfield>
<subfield code="x">Folklore.</subfield>
</datafield>
<datafield ind1=" " ind2="0" tag="651">
<subfield code="a">Xishuangbanna Daizu Zizhizhou (China)</subfield>
<subfield code="x">Ethnic relations.</subfield>
</datafield>
<datafield ind1=" " ind2="0" tag="651">
<subfield code="a">Xishuangbanna Daizu Zizhizhou (China)</subfield>
<subfield code="x">Social life and customs.</subfield>
</datafield>
<datafield ind1=" " ind2="0" tag="650">
<subfield code="a">Field recordings</subfield>
<subfield code="z">China</subfield>
<subfield code="z">Xishuangbanna Daizu Zizhizhou.</subfield>
</datafield>
<datafield ind1=" " ind2="0" tag="650">
<subfield code="a">Ethnographic films</subfield>
<subfield code="z">China</subfield>
<subfield code="z">Xishuangbanna Daizu Zizhizhou.</subfield>
</datafield>
<datafield ind1=" " ind2="7" tag="655">
<subfield code="a">Sound recordings.</subfield>
<subfield code="2">aat</subfield>
</datafield>
<datafield ind1=" " ind2="7" tag="655">
<subfield code="a">Videocassettes.</subfield>
<subfield code="2">aat</subfield>
</datafield>
<datafield ind1=" " ind2="7" tag="655">
<subfield code="a">Interviews.</subfield>
<subfield code="2">aat</subfield>
</datafield>
<datafield ind1=" " ind2="7" tag="655">
<subfield code="a">Ethnography.</subfield>
<subfield code="2">aat</subfield>
</datafield>
<datafield ind1=" " ind2="7" tag="655">
<subfield code="a">Photographs.</subfield>
<subfield code="2">aat</subfield>
</datafield>
<datafield ind1="1" ind2=" " tag="700">
<subfield code="a">Davis, Sara L. M.</subfield>
<subfield code="q">(Sara Leila Margaret),</subfield>
<subfield code="d">1967-</subfield>
<subfield code="e">collector.</subfield>
</datafield>
<datafield ind1=" " ind2=" " tag="852">
<subfield code="a">Library of Congress</subfield>
<subfield code="b">American Folklife Center,</subfield>
<subfield code="e">
101 Independence Ave. S.E., Washington, DC USA 20540-4610
</subfield>
<subfield code="u">https://hdl.loc.gov/loc.afc/folklife.home</subfield>
</datafield>
<datafield ind1="4" ind2="2" tag="856">
<subfield code="3">Finding aid</subfield>
<subfield code="u">https://hdl.loc.gov/loc.afc/eadafc.af008001</subfield>
</datafield>
<datafield ind1=" " ind2=" " tag="985">
<subfield code="a">afc/ead</subfield>
</datafield>
<datafield ind1=" " ind2=" " tag="985">
<subfield code="a">afc/coll</subfield>
</datafield>
</record>
</collection>